
@book{Ginsborg,
  author = {Ginsborg, Paul},
  title = {Storia d'Italia dal dopoguerra a oggi},
  subtitle = {Società e politica 1943-1988},
  edition = {1},
  location = {Torino},
  publisher = {Enaudi},
  pages={p.283},
  year = {1989},
  keywords={Bibliografia_finale},
}


@misc{ISTAT-Italia-in-cifre,
  title = {Italia in cifre},
  author = {{ISTAT - Istituto Nazionale di Statistica}},
  year = {2011},
  url = {https://www.istat.it/it/files/2011/03/Italia-in-cifre.pdf},
  keywords={Bibliografia_finale},
}

@article{Bonifazi,
  author = {Bonifazi, Corrado},
  title = {Le migrazioni tra Sud e Centro-Nord: persistenze e novità},
  journal = {Gjergji Iside, La nuova emigrazione italiana. Cause, mete e figure sociali, Edizioni Ca'Foscari},
  year = {2015},
  pages = {pp.57-70},
  keywords={Bibliografia_finale},
}


@book{Ginsborg2,
  author = {Ginsborg, Paul},
  title = {Storia d'Italia dal dopoguerra a oggi},
  subtitle = {Società e politica 1943-1988},
  edition = {1},
  location = {Torino},
  publisher = {Enaudi},
  year = {1989},
  pages = {p.295},
}


@book{Ginsborg3,
  author = {Ginsborg, Paul},
  title = {Storia d'Italia dal dopoguerra a oggi},
  subtitle = {Società e politica 1943-1988},
  edition = {1},
  location = {Torino},
  publisher = {Enaudi},
  year = {1989},
  pages = {p.312},
}

@book{Banti,
  author = {Banti, Alberto Mario},
  title = {L'età contemporanea},
  subtitle = {Dalla grande guerra a oggi},
  publisher = {Editori Laterza},
  year = {2009},
  pages = {p.306},
  note = {(dati tratti da B.R. Mitchell, International Historical Statistics. Europe 1750-1993, Macmillan-Stockton Press, London-Basingstoke New York 1998)},
}


@book{Hobsbawm,
  author = {Hobsbawm, Eric J.E.},
  title = {Il secolo breve
1914-1991: l'era dei grandi cataclismi},
  publisher = {Rizzoli},
  year = 1995,
  pages = {p.18},
  note = {traduzione di Brunello Lotti},
}

@book{Banti2,
  author = {Banti, Alberto Mario},
  title = {L'età contemporanea},
  subtitle = {Dalla grande guerra a oggi},
  publisher = {Editori Laterza},
  year = {2009},
  pages = {p.317},
  keywords={Bibliografia_finale},
  }


@misc{Papa,
  title = {Gaudet Mater Ecclesia},
  author = {{Papa Giovanni XXIII}},
  year = {1962},
note = {nella solenne apertura del Concilio ecumenico vaticano II},
  url = {https://www.vatican.va/content/john-xxiii/it/speeches/1962/documents/hf_j-xxiii_spe_19621011_opening-council.html},
  keywords={Bibliografia_finale},
}


@book{storia,
  author = {Prosperi, Adriano and Zagrebelsky, G. and Viola, P. and Battini, M.},
  title = {Storia e identità},
  subtitle = {Il Novecento e oggi},
  publisher = {Einaudi Scuola},
  year = {2012},
  pages = {p.574},
  keywords={Bibliografia_finale},
  }


@misc{Torino,
  title = {Piazza Statuto: l'insorgenza come evento e come storia},
  author = {{Zari, Elia}},
  year = {2022},
  url = {https://fondazionefeltrinelli.it/piazza-statuto-linsorgenza-come-evento-e-come-storia/},
keywords={Bibliografia_finale},
}


@book{Ginsborg4,
  author = {Ginsborg, Paul},
  title = {Storia d'Italia dal dopoguerra a oggi},
  subtitle = {Società e politica 1943-1988},
  edition = {1},
  location = {Torino},
  publisher = {Enaudi},
  year = {1989},
  pages = {p.386},
note = {da R.D. Putman, Atteggiamenti politici dell'alta burocrazia nell'Europa occidentale in «Rivista italiana di scienza politica», III (1973), n. 1, pp.172-75},
}


@book{Ginsborg5,
  author = {Ginsborg, Paul},
  title = {Storia d'Italia dal dopoguerra a oggi},
  subtitle = {Società e politica 1943-1988},
  edition = {1},
  location = {Torino},
  publisher = {Enaudi},
  year = {1989},
  pages = {p.393},
}


@misc{ISTAT2,
  title = {L'Italia in 150 anni},
subtitle = {Sommario di statistiche storiche 1861-2010}, 
  author = {{ISTAT - Istituto Nazionale di Statistica}},
  year = {2011},
  url = {https://www.istat.it/it/files//2019/03/cap_7.pdf},
note = {tavola 7.3 pp.356-57},
keywords={Bibliografia_finale},
}


@misc{Savio,
  title = {Berkeley, Free Speech Movement},
  author = {{Savio, Mario}},
  year = {1964},
url = {https://it.wikipedia.org/wiki/Mario_Savio, https://www.youtube.com/watch?v=0RjqxIO87_s&feature=youtu.be},
note = {traduzione: «e se il Presidente Kerr è di fatto il manager, allora vi dico una cosa: la Facoltà è un mucchio di impiegati! E noi siamo la materia prima! Ma siamo un mucchio di materie prime che non intendono avere alcun processo su di noi, non intendono essere trasformate in alcun prodotto, non intendono finire per essere comprate da qualche cliente dell'Università, siano essi il Governo, sia l'industria, sia il lavoro organizzato, siano essi chiunque! Siamo esseri umani!»},
keywords={Bibliografia_finale},
}


@article{Zanzara,
  author = {Sassano, M. and De Poli, M. and Beltramo Ceppi, C.},
  title = {Che cosa pensano le ragazze d’oggi,},
  journal = {La Zanzara, organo del centro studentesco pariniano},
  year = {1966},
note= {Anno XX, n.3, febbraio 1966},
keywords={Bibliografia_finale},
}


@article{ValleGiulia,
  author = {Pasolini, Pier Paolo},
  title = {Il PCI ai giovani},
  journal = {L'Espresso},
  year = {1968},
keywords={Bibliografia_finale},
} 


@book{CerchioSpezzato,
  author = {gruppo femminile Cerchio Spezzato},
  title = {Non c'è rivoluzione senza liberazione della donna},
  year = {1971},
keywords={Bibliografia_finale},
}


@article{Balestracci,
  author = {Balestracci, Fiammetta},
  title = {Le rivoluzioni sessuali degli anni Settanta in Italia: storia, narrazioni e metodologie},
  journal = {a cura di Fiammetta Balestracci e Catia Papa, L'inizio degli anni Settanta. Nazioni e interpretazioni a confronto, Rubino editore},
  year = {2019},
  pages = {p.167},
  keywords={Bibliografia_finale},
}



@book{Ginsborg6,
  author = {Ginsborg, Paul},
  title = {Storia d'Italia dal dopoguerra a oggi},
  subtitle = {Società e politica 1943-1988},
  edition = {1},
  location = {Torino},
  publisher = {Enaudi},
  year = {1989},
  pages = {p.518},
}


@article{Casalino,
  author = {Casalino, Leonardo},
  title = {Note sugli anni ottanta: il caso italiano nel contesto internazionale},
  journal = {Cahiers
d’études italiennes},
  year = {2012},
  note = {da A. Mastropaolo, La Repubblica dei destini incrociati, Scandicci (FI), La Nuova Italia, 1996, p.32.},
keywords={Bibliografia_finale},
}


@article{Pieti,
  author = {Pieti, Giuditta},
  title = {Il nostro impegno},
  journal = {Il Giacobino},
  year = {1966},
keywords={Bibliografia_finale},
}


@article{Balestracci2,
  author = {Balestracci, Fiammetta},
  title = {Il Pci, il divorzio e il mutamento dei valori nell’Italia degli anni Sessanta e Settanta},
  journal = {Studi Storici, vol. 54, no. 4},
  year = {2013},
pages = {p.994},
  note = {da Lanaro, Storia dell’Italia repubblicana, cit., p.337 sgg.},
keywords={Bibliografia_finale},
}


@article{Balestracci3,
  author = {Balestracci, Fiammetta},
  title = {The influence of American Sexual Studies on the 'Sexual Revolution' of Italian Women},
  journal = {Kinder by Choice? 20 th Value Change in Human Reproduction and Family Planning},
  year = {2017},
  pages = {p.158},
  note = {da Emilia Granzotto, La nuova morale, inchiesta in Panorama 21 dicembre 1976},
keywords={Bibliografia_finale},
}

@article{Balestracci4,
  author = {Balestracci, Fiammetta},
  title = {The influence of American Sexual Studies on the 'Sexual Revolution' of Italian Womrn},
  journal = {Kinder by Choice? 20 th Value Change in Human Reproduction and Family Planning},
  year = {2017},
  pages = {p.158},
  note = {da Valeria Grandus, Luca Grandori, Al momento buono, quanti tabù. Il primo completo rapporto scientifico sul sesso in Italia, Inchiesta in Panorama 15 febbraio 1978; L'altra faccia dell'amore, inchiesta in Panorama 1 marzo 1978},
}


@article{Balestracci5,
  author = {Balestracci, Fiammetta},
  title = {The influence of American Sexual Studies on the 'Sexual Revolution' of Italian Womrn},
  journal = {Kinder by Choice? 20 th Value Change in Human Reproduction and Family Planning},
  year = {2017},
  pages = {p.160},
  note = {da Pierluigi Ficoneri, Pronto. Vorrei fare l'amore, in L'Espresso 27 gennaio 1985},
}




@misc{Istat3,
  title = {L'Italia in 150 anni},
subtitle = {Sommario di statistiche storiche 1861-2010}, 
  author = {{ISTAT - Istituto Nazionale di Statistica}},
  year = {2011},
  url = {https://www.istat.it/it/files//2019/03/cap_9.pdf},
note = {tavola 9. p.438},
keywords={Bibliografia_finale},
}


@article{Pastorino,
  author = {Pastorino, Milla},
  title = {I figli che non nascono},
  journal = {Noidonne, n.6},
  year = {1961},
  pages = {pp.14-19},
url = {https://www.noidonnearchiviostorico.org/scheda-rivista.php?pubblicazione=000785&pag=14},
keywords={Bibliografia_finale},
}



@book{Freud,
  author = {Freud, Sigmund},
  title = {Il disagio della civiltà},
  year = {1930},
  pages = {p.24},
  note = {trad. it. Sagittario Ermano in Il disagio della civiltà e altri saggi p.257 cit. in Le migliori gioventù p.24 di Danti Luca},
}

@book{Koedt,
  author = {Koedt, Anna},
  title = {The Myth of the Vaginal Orgasm},
  year = {1968},
note ={cit.},
keywords={Bibliografia_finale},
}

@article{Lonzi,
  author = {Lonzi, Carla},
  title = {La donna clitoridea e la donna vaginale},
  journal = {Rivolta femminile},
  year = {1974},
note = {cit},
keywords={Bibliografia_finale},
}

@article{Martinelli,
  author = {Martinelli, Chiara},
  title = {Dissident desideres. High-school students in the '68},
  journal = {Rivista Di Storia dell’Educazione n.6(1)},
  year = {2019},
  pages = {pp.97-115},
keywords={Bibliografia_finale},
}


@book{Salvatici,
  author = {a cura di Salvatici Silvia},
  title = {Storia delle donne nell'Italia contemporanea},
  publisher = {Carocci Editore},
  year = {2022},
  keywords={Bibliografia_finale}
}


@article{EticaeSesso,
  author = {Skrzydlewski, Wladyslaw and Korzeniewska, Janina},
  title = {Etica e sesso},
  year = {1978},
journal = {Angelicum vol.55, n.3},
  pages = {pp.341-365},
  keywords={Bibliografia_finale},
}


@article{TurningPoint,
  author = {Therbon, Göran and Eley, Geoff and Kaelble, Hartmut and Chassaigne, Philippe},
  title = {The 1970s and 1980s as a Turning Point in European History?},
  journal = {Journal of Modern European History vol.9, n.1},
  year = {2011},
  pages = {pp.8-26},
keywords={Bibliografia_finale},
}

@article{DoppioTaglio,
  author = {Schiavon, Francesca},
  title = {Il corpo delle donne, un'arma a doppio taglio},
  journal = {Spazio pubblico, n.2},
  year = {2023},
keywords={Bibliografia_finale},
}

@article{Erotizzazione,
  author = {Gariglio, Luigi},
  title = {Il corpo delle donne nelle notizie: 1945-1955},
subtitle = {L'erotizzazione visica nell'informazione italiana},
  journal = {Studi Culturali, Anno X, n.3},
  year = {2013},
keywords={Bibliografia_finale},
}

@article{Mulvey,
  author = {Mulvey, Laura},
  title = {Visual Pleasure and Narrative Cinema},
  journal = {Screen 16},
  year = {1975},
pages = {pp.6-18},
keywords={Bibliografia_finale},
}


@article{Cavina,
  author = {Cavina, Marco},
  title = {Il diritto di famiglia},
  journal = {Enciclopedia Italiana. Il contributo italiano alla storia del pensiero.},
  year = {2012},
  pages = {pp.683-686},
  keywords={Bibliografia_finale},
}

@article{Banti3,
  author = {Banti, Alberto Maria},
  title = {Il disciplinamento del desiderio: teorie della civilizzazione},
  journal = {Le questioni dell'età contemporanea (capitolo 7)},
  year = {2012},
keywords={Bibliografia_finale},
}

@article{Sangiovanni,
  author = {Sangiovanni, Andrea},
  title = {Le sinistre in Italia durante gli anni Settanta},
  journal = {En el laberinto. Las Izquierdas del Sur de Europa (1968-1982)},
  year = {2018},
keywords={Bibliografia_finale}
}





@book{Ginsborg7,
  author = {Ginsborg, Paul},
  title = {Storia d'Italia dal dopoguerra a oggi},
  subtitle = {Società e politica 1943-1988},
  edition = {1},
  location = {Torino},
  publisher = {Enaudi},
  year = {1989},
  pages = {pp.IX-X},
}
@article{Scritti7,
  author = {Pasolini, Pier Paolo},
  title = {Il vuoto di potere in Italia},
  journal = {Corriere della Sera},
  year = {1975},
  note = {articolo poi raccolto nel volume Scritti corsari}
}

@article{Brugnolo,
  author = {Brugnolo, Stefano and Brodo, Linda},
  title = {La modernità degradata delle periferie: un'analisi di Berlinguer ti voglio bene},
  journal = {Il Mulinio - Rivistaweb},
  year = {2014},
keywords={Bibliografia_finale}
}

@article{Novella,
  title = {Il comportamento sessuale della donna italiana},
  journal = {Novella 2000},
  year = {1969},
  pages = {p.158},
keywords= {Bibliografia_finale}
}

@article{fortini,
  title = {Otto domande sull'erotismo in letteratura},
  journal = {Nuovi argomenti},
  year = {1961},
note = {cit. in Per una critica all'erotismo. Il dibattito italiano (1960-1965) di Cucchi Silvia},
}

@article{Piazzetta,
author={Barra, Luca},
  title = {Gambe nude su pubblica Piazzetta? Intorno a un caso di censura mancata della tv delle origini (1956)},
  journal = {Schermi. Storie e culture del cinema e dei media in Italia, annata V n.9},
  year = {2021},
keywords={Bibliografia_finale}
}

@article{Cucchi,
author={Cucchi, Silvia},
  title = {Per una critica all'erotismo. Il dibattito italiano (1960-1970)},
  journal = {Comparatismo n.6},
  year = {2021},
keywords={Bibliografia_finale}
}

@article{corposvelato,
author={Mura, Bruna and Perini, Lorenza},
  title = {Il corpo svelato. Il discorso pubblico sul corpo delle donne. Volantini, manifesti, giornali pamphlet e ciclostili tra la fine degli anni sessanta e l'inizio degli anni settanta},
  journal = {Antropologia e Scienze Sociali},
  year = {2016},
keywords={Bibliografia_finale}
}
















@book{Danti2,
  author = {Danti, Luca},
  title = {Le migliori gioventù},
  subtitle = {I periferici e la sessualità nella narrativa italiana del secondo dopoguerra},
  publisher = {Franco Cesati Editore},
  year = {2018},
  pages = {p.54},
keywords={Bibliografia_finale}
}

@book{Comizi,
  author = {Pasolini, Pier Paolo},
  title = {Comizi d'amore},
  year = {1965},
  keywords={Filmografia_finale}
}

@article{Mangano,
  author = {Mangano, Mauro},
  title = {"Comizi d'amore", frammenti di un discorso politico},
  journal = {Rivista Luci e Ombre},
  year = {2015},
keywords={Bibliografia_finale}
}

@article{Giori,
  author = {Giori, Mauro},
  title = {«Parlavo vivo a un popolo di morti».},
  subtitle = {Comizi d'amore, cinema-verità e film a tesi},
  journal = {Studi pasoliniani n.6},
  year = {2012},
  pages = {pp.99-112},
 keywords={Bibliografia_finale}
}

@article{Tetis,
  author = {Pasolini, Pier Paolo},
  title = {Tetis},
  journal = {Erotismo, eversione, merce},
  year = {1973},
note = {ora in Saggi sulla politica e sulla società, a cura di Walter Siti e Silvia De Laude, Mondadori: Milano, 1999},
keywords={Bibliografia_finale}
}

@article{Abiura,
  author = {Pasolini, Pier Paolo},
  title = {Abiura della Trilogia della vita},
  journal = {Corriere della Sera},
  year = {1975},
note = {poi in Lettere luterane, Einaudi, Torino 1976;
ora in Saggi sulla politica e la società, a cura di Walter Siti e Silvia De Laude, Mondadori, Milano 1999},
keywords={Bibliografia_finale}
}

@article{Scritti1,
  author = {Pasolini, Pier Paolo},
  title = {Sfida ai dirigenti della televisione},
  journal = {Corriere della Sera},
  year = {1973},
  note = {articolo poi raccolto nel volume Scritti corsari}
}

@article{Scritti2,
  author = {Pasolini, Pier Paolo},
  title = {Vuoto di Carità, vuoto di Cultura: un linguaggio senza origini},
  journal = {Prefazione a una raccolta di Sentenze della Sacra Rota a cura di Francesco Perego},
  year = {1974},
  note = {articolo poi raccolto nel volume Scritti corsari}
}

@article{Scritti3,
  author = {Pasolini, Pier Paolo},
  title = {Gli italiani non sono più quelli di prima},
  journal = {Corriere della Sera},
  year = {1974},
  note = {articolo poi raccolto nel volume Scritti corsari}
}

@article{Scritti4,
  author = {Pasolini, Pier Paolo},
  title = {Sul Mondo},
  journal = {intervista a cura di Guido Vergani},
  year = {1974},
}

@article{Scritti5,
  author = {Pasolini, Pier Paolo},
  title = {Che cos'è questo golpe?},
  journal = {Corriere della Sera},
  year = {1974},
  note = {articolo poi raccolto nel volume Scritti corsari}
}


@article{Scritti6,
  author = {Pasolini, Pier Paolo},
  title = {Contro i capelli lunghi},
  journal = {Corriere della Sera},
  year = {1973},
  note = {articolo poi raccolto nel volume Scritti corsari}
}


@article{Scritti8,
  author = {Pasolini, Pier Paolo},
  title = {Sono contro l'aborto},
  journal = {Corriere della Sera},
  year = {1975},
note = {articolo poi raccolto nel volume Scritti corsari}
}

@article{Foucault,
  author = {Foucault, Michel},
  title = {I mattini grigi della tolleranza},
  journal = {Le Monde},
  year = {1977},
  keywords={Bibliografia_finale}
}


@article{AdolfoChiesa,
  author = {Chiesa, Adolfo},
  title = {Pasolini e i capelloni},
  journal = {Paese Sera},
  year = {1973},
}

@article{FerraraMaurizio,
  author = {Ferrra, Maurizio},
  title = {I pasticci dell'esteta},
  journal = {l'Unità},
  year = {1974},
url = {https://archivio.unita.news/assets/derived/1974/06/12/issue_full.pdf},
keywords={Bibliografia_finale}
}

@misc{Gaber,
  title = {Quando è moda è moda},
  author = {Gaber, Giorgio},
  year = {1978},
  url={https://www.giorgiogaber.it/discografia-album/quando-e-moda-e-moda-testo},
keywords={Bibliografia_finale},
}

@article{Russo,
  author = {Russo, Vittorio},
  title = {L'Abiura della "Trilogia della vita" di Pier Paolo Pasolini},
  journal = {MLN, vol. 108, n.1,},
  year = {1993},
  pages = {pp.140-151},
keywords={Bibliografia_finale}
}

@article{Desogus,
  author = {Desogus, Paolo},
  title = {Pasolini, L'Abiura e il «nuovo fascismo»},
  subtitle = {Rivoluzione passiva di Gramsci e stile indiretto libero attraverso Il fiore e Salò"},
  journal = {Allegoria, n.76,},
  year = {2017},
  pages = {pp.7-24},
keywords={Bibliografia_finale}
}

@article{Eroslatin,
  author = {Vecce, Carlo},
  title = {La scoperta della gioia: Pasolini e La Trilogia della vita},
  journal = {Eros Latin. Atti del Convegno Internazionale, Procida 13-15 settembre 2012},
  year = {2014},
  pages = {pp.295-301},
keywords={Bibliografia_finale}
}

@article{Carnevali,
  author = {Carnevali, Andrea},
  title = {Pier Paolo PASOLINI, Scritti corsari},
  journal = {Cuadernos de Filología Italiana vol. 17},
  year = {2010},
  pages = {pp.202-205},
keywords={Bibliografia_finale}
}

@book{ScrittiCorsari,
  author = {Pasolini, Pier Paolo},
  title = {Scritti corsari},
  publisher = {Garzanti Editore},
  year = {2022},
  keywords={Bibliografia_finale}
}

@article{Corpopoplare,
author = {Trento, Giovanna},
  title = {Il corpo popolare secondo pasolini},
  journal = {Studi pasoliniani n.7},
  year = {2013},
  pages = {pp.65-78},
keywords= {Bibliografia_finale}
}

@article{Moda,
author={Proni, Giampaolo},
  title = {Linguaggio e vestito: Roland Barthes e Charles Peirce},
  journal = {Rivista Italiana di Filosofia del Linguaggio},
  year = {2015},
  pages = {pp.81-89},
keywords= {Bibliografia_finale}
}

@book{Decameron,
    author = {Pasolini, Pier Paolo} ,
    title = {Il Decameron} ,
    year = {1971},
keywords={Filmografia_finale}
}

@book{RaccontiCanterbury,
    author = {Pasolini, Pier Paolo},
    title = {I racconti di Canterbury},
    year = {1972},
keywords={Filmografia_finale}
}

@book{ILfiore,
    author = {Pasolini, Pier Paolo},
    title = {Il fiore delle Mille e una notte},
    year = {1974},
keywords={Filmografia_finale}
}

@book{Salò,
    author = {Pasolini, Pier Paolo},
    title = {Salò o le 120 giornate di Sodoma},
    year = {1975},
keywords={Filmografia_finale}
}

@article{Mimesis,
author = {Pasolini, Pier Paolo},
  title = {La divina mimesis},
  journal = {Romanzi e racconti vol.II},
editor ={Meridiani Mondadori},
  year = {2013},
}

@article{Criscenti,
author = {Criscenti, Antonia},
  title = {Lo sguardo critico di Pier Paolo Pasolini sul Sessantotto. Il Caos (1968-1970)},
  journal = {Formazione, lavoro, persona, n. 24},
pages = {pp.18-29},
  year = {2018},
keywords={Bibliografia_finale}
}

@article{Richiesta,
author = {Pasolini, Pier Paolo},
  title = {Richiesta di lavoro},
  journal = {Trasumanar e organizzar},
  year = {1971},
keywords = {Bibliografia finale}
}





@book{Bazzocchi,
  author = {Bazzocchi, Marco Antonio},
  title = {Corpi che parlano},
  subtitle = {Il nudo nella letteratura italiana del Novecento},
  publisher = {Bruno Mondadori},
  pages={p.11},
  year = {2005},
  keywords={Bibliografia_finale},
}

@article{Moravia,
  title = {Otto domande sull'erotismo in letteratura},
  journal = {Nuovi argomenti},
  year = {1961},
note = {cit. in Per una critica all'erotismo. Il dibattito italiano (1960-1965) di Cucchi Silvia},
}

@article{Moravia2,
  author = {Duflot, Jean},
  title = {Entretiens avec Alberto Moravia},
  year = {1970},
  note = {trad. it. di Marco Antonio Bazzocchi in Corpi che parlano p.49},
}

@book{Bianciardi,
  author = {Bianciardi, Luciano},
  title = {L'Integrazione},
  publisher = {Feltrinelli},
  pages={pp.29-30},
  year = {2014},
  keywords={Bibliografia_finale},
}

@article{Appunti,
  author = {Dénes, Mátyás},
  title = {Appunti Su Una Narrativa Realista Riduttiva Italiana (Dagli Anni Ottanta Agli Anni Duemila)},
  journal = {Dai Margini a Dendtro, da Dentro ai Margini},
  year = {2018},
  pages = {pp.81-89},
keywords = {Bibliografia_finale}
}

@article{giovani,
  author = {Dénes, Mátyás},
  title = {Pier Vittorio Tondelli: Altri libertini – un libro “scandaloso”
degli anni Ottanta},
  journal = {Dal Testo alla Rete.
Atti e documenti del convegno internazionale per dottorandi
Budapest, 22-24 aprile 2010},
  year = {2010},
  pages = {pp.172-183},
keywords = {Bibliografia_finale}
}

@book{Bazzocchi2,
  author = {Bazzocchi, Marco Antonio},
  title = {Il codice del corpo},
  subtitle = {Genere e sessualità nella letteratura italiana del Novecento},
  publisher = {Pendragon},
  year = {2016},
  keywords={Bibliografia_finale},
}

@article{Turchetta,
  author = {Turchetta, Gianni},
  title = {I cannibali non dormono più},
  journal = {Tirature},
  year = {2005},
keywords = {Bibliografia_finale}
}

@article{Varotti,
  author = {Varotti, Carlo},
  title = {Articolazioni dell'osceno: Bianciardi e il "comune senso del pudore"},
  journal = {Griseldaonline 13(1)},
  year = {2013},
keywords = {Bibliografia_finale}
}

@book{PrefazionePorci,
  author = {Ravera, Lidia},
  title = {Prefazione in Porci con le ali},
  publisher = {Oscar Mondadori},
  year = {2006},
}


@article{Zincone,
  author = {Zincone, Giuliano},
  title = {Emozioni d’amore e ironie di due adolescenti},
  journal = {Corriere della sera},
  year = {1976},
note = {in Retrospettiva editoriale del fenomeno Porci con le ali a cura di Dora Di Marco, Nicolò Cavallaro, Cosetta Vallerini, Vittoria Melloni e Tommaso Gragnato}
}

@article{Giovanianni70,
  author = {Giani, Marco},
  title = {I giovani e gli anni Settanta},
  journal = {Il canone letterario},
  year = {2009},
  pages = {pp.106-115},
keywords={Bibliografia_finale}
}


@book{Porci,
  author = {Ravera, Lidia and Lombardo Radice, Marco},
  title = {Porci con le ali},
  publisher = {Oscar Mondadori},
  year = {2006},
  keywords={Bibliografia_finale},
}

@article{Tedesco,
  author = {Kleinert, Susanne},
  title = {ntellektuelle gegenüber der innergesellschaftlichen Gewalt im Italien der 1970er Jahre: Beispiele aus italienischen Romanen von 1975 bis 2002 (Ferdinando Camon, Nanni Balestrini, Lidia Ravera)},
  journal = {Bruders Hüter/Bruders Mörder: Intellektuelle und innergesellschaftliche Gewalt},
  year = {2010},
  pages = {pp.127-146},
keywords={Bibliografia_finale}
}

@book{FilmPorci,
  author = {Pietrangeli, Paolo},
  title = {Porci con le ali},
  year = {1977},
  keywords={Filmografia_finale}
}

@article{Scritti9,
  author = {Pasolini, Pier Paolo},
  title = {Il coito, l'aborto, la falsa tolleranza del potere, il conformismo dei progressisti},
  journal = {Corriere della Sera},
  year = {1975},
note = {articolo poi raccolto nel volume Scritti corsari}
}

@article{PiomboRavera,
  author = {Re, Matteo},
  title = {Gli anni di piombo nella letteratura di Lidia Ravera},
  journal = {Desafiando al olvido: escritoras italianas inéditas},
  year = {2018},
  pages = {pp.449-461},
keywords={Bibliografia_finale}
}

@article{Oblique,
  author = {Di Marco, Dora and Cavallaro, Nicolò and Vallerini, Cosetta and Melloni, Vittoria and Gragnato, Tommaso},
  title = {Retrospettiva editoriale del fenomeno
Porci con le ali},
  journal = {Oblique},
keywords={Bibliografia_finale}
}

@article{UguaglianzaDifferenza,
  author = {Serkowska, Hanna},
  title = {Dall'uguaglianza alla differenza e oltre},
subtitle = {Romanzi-testimonianza di Lidia Ravera},
  journal = {Cahiers d’études italiennes, 7},
  year = {2008},
  pages = {pp.149-158},
keywords={Bibliografia_finale}
}

@article{Scaramella,
  author = {Scaramella, Tommaso},
  title = {Perché una storia delle sessualità},
  journal = {Storica, n.79},
  year = {2021},
  pages = {pp.113-123},
keywords={Bibliografia_finale}
}