@article{TemplateArticolo,
  author = {Cognome, Nome},
  title = {Titolo dell'articolo},
  subtitle = {Sottotitolo dell'articolo (opzionale)},
  journal = {Nome della rivista},
  year = {1990},
  pages = {Pagine dell'articolo (opzionale)},
  address = {Posizione dell'editore (opzionale)},
  note = {Note aggiuntive (opzionale)}
}

@book{TamplateLibro,
  author = {Cognome, Nome},
  title = {Titolo del libro},
  subtitle = {Sottotitolo del libro (opzionale)},
  edition = {1\textsuperscript{a}},
  series = {Titolo della serie},
  volume = {1},
  location = {Lugo di pubblicazione},
  publisher = {Nome dell'editore},
  editor=  {Nome curatore, Cognome},
  address = {Indirizzo dell'editore (opzionale)},
  year = {1990},
  pages = {Pagine del libro (opzionale)},
  note = {Note aggiuntive (opzionale)},
  keywords={Bibliografia_finale}
}
